<?xml version="1.0" encoding="UTF-8"?><collection xmlns="http://www.loc.gov/MARC21/slim"><record><leader>00403nam--2200145-i-4500</leader><controlfield tag="001">000049941</controlfield><controlfield tag="002">20161230</controlfield><controlfield tag="005">20161230201047</controlfield><controlfield tag="008">060222s1000------------r-----000-0-eng-d</controlfield><datafield ind1=" " ind2=" " tag="080"><subfield code="a">517.946:53.02</subfield></datafield><datafield ind1=" " ind2=" " tag="100"><subfield code="a">Babich,V.M.,Mihlin,S.G</subfield></datafield><datafield ind1=" " ind2=" " tag="245"><subfield code="a">Lineinye upravleniia matematichesloi fiziki</subfield></datafield><datafield ind1=" " ind2=" " tag="260"><subfield code="a">Moskva, Izd.Nauka, 1964. 368 S</subfield></datafield><datafield ind1=" " ind2=" " tag="490"><subfield code="a">Spravochnaia Matematicheskaia Biblioteka</subfield></datafield><datafield ind1=" " ind2=" " tag="852"><subfield code="a">9685</subfield></datafield></record></collection>